<collection xmlns="http://www.loc.gov/MARC21/slim">
<record>
  <leader>01800ncm0a22003251i 450 </leader>
  <controlfield tag="001">IT\ICCU\CNCE\043026</controlfield>
  <controlfield tag="005">20170504000000.0</controlfield>
  <datafield tag="100" ind1=" " ind2=" ">
    <subfield code="a">19981222d1549        0itac0103    ba</subfield>
  </datafield>
  <datafield tag="101" ind1=" " ind2=" ">
    <subfield code="a">ITA</subfield>
    <subfield code="a">LAT</subfield>
  </datafield>
  <datafield tag="102" ind1=" " ind2=" ">
    <subfield code="a">IT</subfield>
  </datafield>
  <datafield tag="200" ind1="1" ind2=" ">
    <subfield code="a">Opera intitolata Contina. Intabolatura di lauto di fantasie per sonar uno solo con uno lauto, &amp; farsi tenore &amp; soprano: madrigali per sonar a dui lauti, fantasie per sonar a dui lauti; fantasie per sonar sopra la chitara da sette corde. Composta per il reuerendo m. pre Melchioro De Barberis padoano, musico, et sonator di lauto eccellentissimo. Libro decimo</subfield>
  </datafield>
  <datafield tag="210" ind1=" " ind2=" ">
    <subfield code="a">Venetiis</subfield>
    <subfield code="c">apud Hieronymum Scotum</subfield>
    <subfield code="d">1549</subfield>
  </datafield>
  <datafield tag="215" ind1=" " ind2=" ">
    <subfield code="a">\30! c.</subfield>
    <subfield code="d">4ʻ oblungo</subfield>
  </datafield>
  <datafield tag="300" ind1=" " ind2=" ">
    <subfield code="a">RISM : Recueils I, 1549/39</subfield>
  </datafield>
  <datafield tag="620" ind1=" " ind2=" ">
    <subfield code="a">IT</subfield>
    <subfield code="d">Venezia</subfield>
  </datafield>
  <datafield tag="700" ind1=" " ind2="1">
    <subfield code="a">De_Barberis,</subfield>
    <subfield code="b">Melchiorre</subfield>
    <subfield code="3">IT\ICCU\CNCA\011448</subfield>
  </datafield>
  <datafield tag="712" ind1="0" ind2="0">
    <subfield code="a">Scoto, Girolamo</subfield>
    <subfield code="3">IT\ICCU\CNCT\000134</subfield>
    <subfield code="4">650</subfield>
  </datafield>
  <datafield tag="790" ind1=" " ind2="1">
    <subfield code="a">De_Barberiis,</subfield>
    <subfield code="b">Melchiorre</subfield>
    <subfield code="3">IT\ICCU\CNCA\018358</subfield>
    <subfield code="z">De_Barberis, Melchiorre</subfield>
  </datafield>
  <datafield tag="790" ind1=" " ind2="1">
    <subfield code="a">Barberio,</subfield>
    <subfield code="b">Melchiorre : de</subfield>
    <subfield code="3">IT\ICCU\CNCA\018359</subfield>
    <subfield code="z">De_Barberis, Melchiorre</subfield>
  </datafield>
  <datafield tag="790" ind1=" " ind2="1">
    <subfield code="a">Barberiis,</subfield>
    <subfield code="b">Melchiorre : de</subfield>
    <subfield code="3">IT\ICCU\CNCA\018360</subfield>
    <subfield code="z">De_Barberis, Melchiorre</subfield>
  </datafield>
  <datafield tag="790" ind1=" " ind2="1">
    <subfield code="a">Barberio,</subfield>
    <subfield code="b">Melchiorre</subfield>
    <subfield code="3">IT\ICCU\CNCA\018361</subfield>
    <subfield code="z">De_Barberis, Melchiorre</subfield>
  </datafield>
  <datafield tag="790" ind1=" " ind2="1">
    <subfield code="a">De_Barberis,</subfield>
    <subfield code="b">Melchiorro</subfield>
    <subfield code="3">IT\ICCU\CNCA\022742</subfield>
    <subfield code="z">De_Barberis, Melchiorre</subfield>
  </datafield>
  <datafield tag="791" ind1="0" ind2="0">
    <subfield code="a">Scotto, Girolamo</subfield>
    <subfield code="3">IT\ICCU\CNCT\002826</subfield>
    <subfield code="z">Scoto, Girolamo</subfield>
  </datafield>
  <datafield tag="791" ind1="0" ind2="0">
    <subfield code="a">Schottus, Hieronymus</subfield>
    <subfield code="3">IT\ICCU\CNCT\004087</subfield>
    <subfield code="z">Scoto, Girolamo</subfield>
  </datafield>
  <datafield tag="791" ind1="0" ind2="0">
    <subfield code="a">Scotus, Hieronymus</subfield>
    <subfield code="3">IT\ICCU\CNCT\005629</subfield>
    <subfield code="z">Scoto, Girolamo</subfield>
  </datafield>
  <datafield tag="791" ind1="0" ind2="0">
    <subfield code="a">Scottus, Hieronymus</subfield>
    <subfield code="3">IT\ICCU\CNCT\005630</subfield>
    <subfield code="z">Scoto, Girolamo</subfield>
  </datafield>
  <datafield tag="791" ind1="0" ind2="0">
    <subfield code="a">Schotus, Hieronymus</subfield>
    <subfield code="3">IT\ICCU\CNCT\005631</subfield>
    <subfield code="z">Scoto, Girolamo</subfield>
  </datafield>
  <datafield tag="791" ind1="0" ind2="0">
    <subfield code="a">Scotti, Girolamo</subfield>
    <subfield code="3">IT\ICCU\CNCT\005632</subfield>
    <subfield code="z">Scoto, Girolamo</subfield>
  </datafield>
  <datafield tag="801" ind1=" " ind2="3">
    <subfield code="a">IT</subfield>
    <subfield code="b">ICCU</subfield>
    <subfield code="c">20201114</subfield>
  </datafield>
  <datafield tag="899" ind1=" " ind2=" ">
    <subfield code="a">British Library. London</subfield>
    <subfield code="1">UK0001</subfield>
  </datafield>
</record>
</collection>
